@article{ontoFranca,
  title={Conceitos, classes e/ou universais: com o que é que se constrói uma ontologia?},
  author={França, Patrícia Cunha},
  journal={Linguamática},
  volume={1},
  number={1},
  pages={105--121},
  year={2009}
}

@article{ontoGruber,
  title={Toward principles for the design of ontologies used for knowledge sharing},
  author={Gruber, Thomas R},
  journal={International journal of human-computer studies},
  volume={43},
  number={5-6},
  pages={907--928},
  year={1995},
  publisher={Elsevier}
}

@inproceedings{ontoSmith,
  title={Towards a reference terminology for ontology research and development in the biomedical domain},
  author={Smith, Barry and Kusnierczyk, Waclaw and Schober, Daniel and Ceusters, Werner},
  booktitle={KR-MED},
  volume={2006},
  pages={57--66},
  year={2006}
}

@book{ontoGuarino,
  title={Formal ontology in information systems: Proceedings of the first international conference (FOIS'98), June 6-8, Trento, Italy},
  author={Guarino, Nicola},
  volume={46},
  year={1998},
  publisher={IOS press}
}

@article{ontoNickles,
  title={Ontologies across disciplines},
  author={Nickles, Matthias and Pease, Adam and Schalley, Andrea C and Zaefferer, Dietmar},
  journal={Ontolinguistics-How Ontological Status Shapes the Linguistic Coding of Concepts},
  pages={23--67},
  year={2007}
}

@inproceedings{ontoDebruyne,
  title={The Relation between a Framework for Collaborative Ontology Engineering and Nicola Guarino's Terminology and Ideas in" Formal Ontology and Information Systems".},
  author={Debruyne, Christophe},
  booktitle={VaSCo@ WebSci},
  pages={34--44},
  year={2013}
}

@misc{ontoNoy,
  title={Ontology development 101: A guide to creating your first ontology},
  author={Noy, Natalya F and McGuinness, Deborah L and others},
  year={2001},
  publisher={Stanford knowledge systems laboratory technical report KSL-01-05 and Stanford medical informatics technical report SMI-2001-0880, Stanford, CA}
}

@misc{ontoMerriam,
	author = {{Merriam-Webster Online}},
	timestamp = {2018-06-02T18:51:00.000-0300},
	title = {{Merriam-Webster Online Dictionary}},
	url = {http://www.merriam-webster.com}
}

@article{ontoDahlberg,
	title={Teoria do conceito},
	author={Dahlberg, Ingetraut},
	journal={Ci{\^e}ncia da informa{\c{c}}{\~a}o},
	volume={7},
	number={2},
	year={1978}
}

@article{ontoGiaretta,
	title={Ontologies and knowledge bases towards a terminological clarification},
	author={Giaretta, Pierdaniele and Guarino, N},
	journal={Towards very large knowledge bases: knowledge building \& knowledge sharing},
	volume={25},
	number={32},
	pages={307--317},
	year={1995}
}

@article{logicaMatos,
	title={Implementação de um Módulo de Pseudocontração em Revisão de Crenças para o Editor de Ontologias Protégé},
	author={Matos, Vinícius Bitencourt and Wassermann, Renata},
	year={2016}
}

@article{logicaResina,
	title={Revisão de Crenças em Lógica de Descrição: Um PlugIn para o Protégé},
	author={Resina, Fillipe Manoel Xavier},
	year={2010}
}

@incollection{logicaHorrocks,
	author = {Franz Baader and Ian Horrocks and Ulrike Sattler},
	booktitle = {Handbook of Knowledge Representation},
	chapter = {3},
	date-added = {2007-07-25 18:14:15 +0100},
	date-modified = {2011-09-01 20:15:01 +0100},
	editor = {Frank {van Harmelen} and Vladimir Lifschitz and Bruce
	Porter},
	pages = {135--180},
	publisher = {Elsevier},
	title = {{D}escription {L}ogics},
	url = {download/2007/BaHS07a.pdf},
	year = {2008},
	bdsk-url-1 = {download/2007/BaHS07a.pdf}
}

@article{logicaSchmidt,
	title={Attributive concept descriptions with complements},
	author={Schmidt-Schau{\ss}, Manfred and Smolka, Gert},
	journal={Artificial intelligence},
	volume={48},
	number={1},
	pages={1--26},
	year={1991},
	publisher={Elsevier}
}

@misc{logicaKoubarakis,
	author = {Koubarakis, Manolis},
	title = {Tableau Proof Techniques for DLs},
	url = {http://cgi.di.uoa.gr/~pms509/lectures/tableaux-techniques1spp.pdf},
	note = {Online; accessed 30-Junho-2018}
}