@article{gruber1995toward,
  title={Toward principles for the design of ontologies used for knowledge sharing?},
  author={Gruber, Thomas R},
  journal={International journal of human-computer studies},
  volume={43},
  number={5-6},
  pages={907--928},
  year={1995},
  publisher={Elsevier}
}

@book{gardenfors2003belief,
  title={Belief revision},
  author={G{\"a}rdenfors, Peter},
  volume={29},
  year={2003},
  publisher={Cambridge University Press}
} 
    
@inproceedings{gardenfors1992belief,
  title={Belief revision: A vade-mecum},
  author={G{\"a}rdenfors, Peter},
  booktitle={International Workshop on Meta-Programming in Logic},
  pages={1--10},
  year={1992},
  organization={Springer}
}

@mastersthesis{resina2014belief,
  author={Filipe Manoel Xavier Resina},
  title={Revisão de Crenças em Lógicas de Descrição - Um Plug-In para o Protégé},
  school={Instituto de Matemática e Estatística, USP},
  address={São Paulo},
  year={2014},
}

@inproceedings{ribeiro2008,
  author={Márcio Moretto Ribeiro and Renata Wassermann},
  title={The Ontology Reviser Plug-In for Protégé}},
  booktitle = {Proceedings of the 3rd Workshop on Ontologies and their Applications, Salvador, Bahia, Brazil, October 26, 2008},
  year = {2008},
  crossref = {DBLP:conf/wonto/2008},
  url = {http://ceur-ws.org/Vol-427/paper1.pdf},
  timestamp = {Mon, 30 May 2016 16:57:35 +0200},
  biburl = {https://dblp.org/rec/bib/conf/wonto/RibeiroW08},
  bibsource = {dblp computer science bibliography, https://dblp.org}
}